@inproceedings{heiser2008role,
  title={The role of virtualization in embedded systems},
  author={Heiser, Gernot},
  booktitle={Proceedings of the 1st workshop on Isolation and integration in embedded systems},
  pages={11--16},
  year={2008},
  organization={ACM}
}

@misc{wang2012securing,
  title={Securing anti-virus software with virtualization},
  author={Wang, Jiahe Helen and Lorch, Jacob R and Parno, Bryan Jeffrey},
  year={2012},
  publisher={Google Patents},
  note={US Patent 8,307,443}
}

@article{garber2012challenges,
  title={The challenges of securing the virtualized environment},
  author={Garber, Lee},
  journal={Computer},
  number={1},
  pages={17--20},
  year={2012},
  publisher={IEEE}
}

@article{adams2006comparison,
  title={A comparison of software and hardware techniques for x86 virtualization},
  author={Adams, Keith and Agesen, Ole},
  journal={ACM Sigplan Notices},
  volume={41},
  number={11},
  pages={2--13},
  year={2006},
  publisher={ACM}
}
