@article{adams2006comparison,
  title={A comparison of software and hardware techniques for x86 virtualization},
  author={Adams, Keith and Agesen, Ole},
  journal={ACM Sigplan Notices},
  volume={41},
  number={11},
  pages={2--13},
  year={2006},
  publisher={ACM}
}

@misc{wang2012securing,
  title={Securing anti-virus software with virtualization},
  author={Wang, J.H. and Lorch, J.R. and Parno, B.J.},
  url={https://www.google.com/patents/US8307443},
  year={2012},
  month=nov # "~6",
  publisher={Google Patents},
  note={US Patent 8,307,443}
}

@inproceedings{payne2008lares,
  title={Lares: An architecture for secure active monitoring using virtualization},
  author={Payne, Bryan D and Carbone, Martim and Sharif, Monirul and Lee, Wenke},
  booktitle={Security and Privacy, 2008. SP 2008. IEEE Symposium on},
  pages={233--247},
  year={2008},
  organization={IEEE}
}

@inproceedings{garfinkel2003virtual,
  title={A Virtual Machine Introspection Based Architecture for Intrusion Detection.},
  author={Garfinkel, Tal and Rosenblum, Mendel and others},
  booktitle={NDSS},
  volume={3},
  pages={191--206},
  year={2003}
}

@article{nance2008virtual,
  title={Virtual machine introspection: Observation or interference?},
  author={Nance, Kara and Bishop, Matt and Hay, Brian},
  journal={IEEE Security \& Privacy},
  number={5},
  pages={32--37},
  year={2008},
  publisher={IEEE}
}

@misc{vandale,
  title={Betekenis computervirus},
  author={van Dale},
  url={http://www.vandale.nl/opzoeken?pattern=computervirus&lang=nn#.VzrotlZ95D8},
  year={2016},
  publisher={vanDale uitgevers}
}

@article{carpenter2007hiding,
  title={Hiding virtualization from attackers and malware},
  author={Carpenter, Matthew and Liston, Tom and Skoudis, Ed},
  journal={IEEE Security \& Privacy},
  number={3},
  pages={62--65},
  year={2007},
  publisher={IEEE}
}

@article{rossier2012embeddedxen,
  title={EmbeddedXEN: A Revisited Architecture of the XEN hypervisor to support ARM-based embedded virtualization},
  author={Rossier, Daniel},
  journal={White paper, Switzerland},
  year={2012}
}
