@article{rose2004survey,
  title={Survey of system virtualization techniques},
  author={Rose, Robert},
  year={2004}
}

@inproceedings{sahoo2010virtualization,
  title={Virtualization: A survey on concepts, taxonomy and associated security issues},
  author={Sahoo, Jyotiprakash and Mohapatra, Subasish and Lath, Radha},
  booktitle={Computer and Network Technology (ICCNT), 2010 Second International Conference on},
  pages={222--226},
  year={2010},
  organization={IEEE}
}

@book{doeppner2011operating,
  title={Operating Systems In Depth: Design and Programming},
  author={Doeppner, T.W.},
  isbn={9781118136393},
  lccn={2010034669},
  url={https://books.google.nl/books?id=xX5tfrAQQ8cC},
  year={2011},
  publisher={John Wiley \& Sons}
}
